
@book{Masse2011,
author = {Mark Masse},
publisher= {O'Reilly Media},
title = {REST API Design Rulebook},
year = {2011},
keywords = {mono}
}



@book{Fielding2000,
author = {R. T. Fielding},
publisher = {Doctoral Disseration. University of California},
title = {Architectural styles and the design of network-based software architectures},
year = {2000},
keywords = {mono}
}




@book{Baron2017,
author = {J. Baron H. Bond S. Davis B. Rydahl T. Keesler},
publisher = {Sybex},
title = {AWS Certified Solutions Architect Official Study Guide: Associate Exam},
year = {2017},
keywords = {mono}
}




@book{Zhang2010,
author = {Q. Zhang, L. Cheng, R. Boutaba},
publisher = {Journal of Internet Services and Applications},
title = {Cloud Computing: State-of-the-art and research challenges},
year = {2010},
keywords = {mono}
}



@book{AWS2024a,
author = {Amazon Web Services},
publisher = {Amazon},
title = {Amazon CloudWatch User Guide},
year = {2024},
keywords = {mono}
}


@book{Sluga2020,
author = {M. Sluga},
publisher = {Packt Publishing},
title = {AWS Certified SysOps Administrator - Associate Guide},
year = {2020},
keywords = {mono}
}




@book{AWS2024b,
author = {Amazon Web Services},
publisher = {Amazon},
title = {AWS AppSync Developer Guide},
year = {2024},
keywords = {mono}
}




@book{Mishra2020,
author = {A. Mishra},
publisher = {Packt Publishing},
title = {Building Mobile Applications with AWS},
year = {2020},
keywords = {mono}
}




@book{AWS2024c,
author = {Amazon Web Services},
publisher = {Amazon},
title = {Amazon DynamoDB Developer Guide},
year = {2024},
keywords = {mono}
}




@book{Deshpande2018,
author = {T. Deshpande},
publisher = {Packt Publishing},
title = {Amazon DynamoDB: A NoSQL Database Service},
year = {2018},
keywords = {mono}
}




@book{Dixon2018,
author = {J. Dixon},
publisher = {O'Reilly Media},
title = {Monitoring with Datadog},
year = {2018},
keywords = {mono}
}




@book{DataDog2024,
  author = {DataDog},
  title = {Getting Started with Datadog},
  publisher = {DataDog},
  year = {2024},
  keywords = {mono}
}




@book{Brikman2019,
author = {Y. Brikman},
publisher = {O'Reilly Media},
title = {Terraform: Up \& Running: Writing Infrastructure as Code},
year = {2019},
keywords = {mono}
}




@book{HashiCorp2024,
author = {HashiCorp},
publisher = {HashiCorp},
title = {Terraform Documentation},
year = {2024},
keywords = {mono}
}




@book{Porcello2018,
author = {E. Porcello, A. Banks},
publisher = {O'Reilly Media},
title = {Learning GraphQL},
year = {2018},
keywords = {mono}
}




@book{GraphQL2024,
author = {GraphQL Foundation},
publisher = {GraphQL Foundation},
title = {GraphQL Documentation},
year = {2024},
keywords = {mono}
}




@book{AWS2024d,
author = {Amazon Web Services},
publisher = {Amazon},
title = {AWS Lambda Developer Guide},
year = {2024},
keywords = {mono}
}




@book{Sbarski2017,
author = {P. Sbarski},
publisher = {Manning Publications},
title = {Serverless Architectures on AWS},
year = {2017},
keywords = {mono}
}




@book{Kavis2014,
author = {M. J. Kavis},
pages = {37},
publisher = {Wiley},
title = {Architecting the Cloud: Design Decisions for Cloud Computing Service Models (SaaS, PaaS, and IaaS)},
year = {2014},
keywords = {mono}
}




@book{AWS2024e,
author = {Amazon Web Services},
publisher = {Amazon},
title = {AWS Economics Center - Pricing Overview},
year = {2024},
keywords = {mono}
}




@book{Porcello2018b,
author = {E. Porcello, A. Banks},
publisher = {O'Reilly Media},
title = {Learning GraphQL},
year = {2018},
keywords = {mono}
}






